@inproceedings{izumi2003automatic,
  title={Automatic error detection in the Japanese learners' English spoken data},
  author={Izumi, Emi and Uchimoto, Kiyotaka and Saiga, Toyomi and Supnithi, Thepchai and Isahara, Hitoshi},
  booktitle={Proceedings of the 41st Annual Meeting on Association for Computational Linguistics-Volume 2},
  pages={145--148},
  year={2003},
  organization={Association for Computational Linguistics}
}
@inproceedings{eeg2003automatic,
  title={Automatic grammar checking for second language learners-the use of prepositions},
  author={Eeg-Olofsson, Jens and Knutsson, Ola},
  year={2003},
  organization={Nodalida}
}
@article{han2006detecting,
  title={Detecting errors in English article usage by non-native speakers},
  author={Han, Na-Rae and Chodorow, Martin and Leacock, Claudia},
  journal={Natural Language Engineering},
  volume={12},
  number={02},
  pages={115--129},
  year={2006},
  publisher={Cambridge Univ Press}
}
@inproceedings{tetreault2008ups,
  title={The ups and downs of preposition error detection in ESL writing},
  author={Tetreault, Joel R and Chodorow, Martin},
  booktitle={Proceedings of the 22nd International Conference on Computational Linguistics-Volume 1},
  pages={865--872},
  year={2008},
  organization={Association for Computational Linguistics}
}
@inproceedings{de2008classifier,
  title={A classifier-based approach to preposition and determiner error correction in L2 English},
  author={De Felice, Rachele and Pulman, Stephen G},
  booktitle={Proceedings of the 22nd International Conference on Computational Linguistics-Volume 1},
  pages={169--176},
  year={2008},
  organization={Association for Computational Linguistics}
}
@inproceedings{gamon2008using,
  title={Using Contextual Speller Techniques and Language Modeling for ESL Error Correction.},
  author={Gamon, Michael and Gao, Jianfeng and Brockett, Chris and Klementiev, Alexandre and Dolan, William B and Belenko, Dmitriy and Vanderwende, Lucy},
  booktitle={IJCNLP},
  volume={8},
  pages={449--456},
  year={2008}
}


@inproceedings{gamon2010using,
  title={Using mostly native data to correct errors in learners' writing: a meta-classifier approach},
  author={Gamon, Michael},
  booktitle={Human Language Technologies: The 2010 Annual Conference of the North American Chapter of the Association for Computational Linguistics},
  pages={163--171},
  year={2010},
  organization={Association for Computational Linguistics}
}


@inproceedings{rozovskaya2010training,
  title={Training paradigms for correcting errors in grammar and usage},
  author={Rozovskaya, Alla and Roth, Dan},
  booktitle={Human language technologies: The 2010 annual conference of the north american chapter of the association for computational linguistics},
  pages={154--162},
  year={2010},
  organization={Association for Computational Linguistics}
}
@inproceedings{ng2014conll,
  title={The CoNLL-2014 Shared Task on Grammatical Error Correction.},
  author={Ng, Hwee Tou and Wu, Siew Mei and Briscoe, Ted and Hadiwinoto, Christian and Susanto, Raymond Hendy and Bryant, Christopher},
  year={2014}
}
@book{wanner1982language,
  title={Language acquisition: The state of the art},
  author={Wanner, Eric and Gleitman, Lila R},
  year={1982},
  pages={173-218},
  publisher={CUP Archive}
}
@article{frenck1997syntactic,
  title={Syntactic ambiguity resolution while reading in second and native languages},
  author={Frenck-Mestre, Cheryl and Pynte, Joel},
  journal={The Quarterly Journal of Experimental Psychology A},
  volume={50},
  number={1},
  pages={119--148},
  year={1997},
  publisher={Routledge, part of the Taylor \& Francis Group}
}
@article{dussias2003syntactic,
  title={Syntactic ambiguity resolution in L2 learners},
  author={Dussias, Paola E},
  journal={Studies in Second Language Acquisition},
  volume={25},
  number={04},
  pages={529--557},
  year={2003},
  publisher={Cambridge Univ Press}
}
@article{nitschke2010first,
  title={First language transfer and long-term structural priming in comprehension},
  author={Nitschke, Sanjo and Kidd, Evan and Serratrice, Ludovica},
  journal={Language and Cognitive Processes},
  volume={25},
  number={1},
  pages={94--114},
  year={2010},
  publisher={Taylor \& Francis}
}
@inproceedings{rozovskaya2011algorithm,
  title={Algorithm selection and model adaptation for ESL correction tasks},
  author={Rozovskaya, Alla and Roth, Dan},
  booktitle={Proceedings of the 49th Annual Meeting of the Association for Computational Linguistics: Human Language Technologies-Volume 1},
  pages={924--933},
  year={2011},
  organization={Association for Computational Linguistics}
}
@inproceedings{rozovskaya2010generating,
  title={Generating confusion sets for context-sensitive error correction},
  author={Rozovskaya, Alla and Roth, Dan},
  booktitle={Proceedings of the 2010 Conference on Empirical Methods in Natural Language Processing},
  pages={961--970},
  year={2010},
  organization={Association for Computational Linguistics}
}
@inproceedings{dahlmeier2011correcting,
  title={Correcting semantic collocation errors with L1-induced paraphrases},
  author={Dahlmeier, Daniel and Ng, Hwee Tou},
  booktitle={Proceedings of the Conference on Empirical Methods in Natural Language Processing},
  pages={107--117},
  year={2011},
  organization={Association for Computational Linguistics}
}
	
@article{chang2008automatic,
  title={An automatic collocation writing assistant for Taiwanese EFL learners: A case of corpus-based NLP technology},
  author={Chang, Yu-Chia and Chang, Jason S and Chen, Hao-Jan and Liou, Hsien-Chin},
  journal={Computer Assisted Language Learning},
  volume={21},
  number={3},
  pages={283--299},
  year={2008},
  publisher={Taylor \& Francis}
}
@article{shei2000esl,
  title={An ESL writer's collocational aid},
  author={Shei, C-C and Pain, Helen},
  journal={Computer Assisted Language Learning},
  volume={13},
  number={2},
  pages={167--182},
  year={2000},
  publisher={Taylor \& Francis}
}
@inproceedings{liu2009automated,
  title={Automated suggestions for miscollocations},
  author={Liu, Anne Li-E and Wible, David and Tsao, Nai-Lung},
  booktitle={Proceedings of the Fourth Workshop on Innovative Use of NLP for Building Educational Applications},
  pages={47--50},
  year={2009},
  organization={Association for Computational Linguistics}
}
@article{kochmarcross,
  title={Cross-Lingual Lexico-Semantic Transfer in Language Learning},
  author={Kochmar, Ekaterina and Shutova, Ekaterina},
  year={2016}
}
@article{wible2003bootstrapping,
  title={Bootstrapping in a language learning environment},
  author={Wible, David and Kuo, C-H and Tsao, N-L and Liu, Anne and Lin, H-L},
  journal={Journal of Computer Assisted Learning},
  volume={19},
  number={1},
  pages={90--102},
  year={2003},
  publisher={Wiley Online Library}
}
@article{futagi2008computational,
  title={A computational approach to detecting collocation errors in the writing of non-native speakers of English},
  author={Futagi, Yoko and Deane, Paul and Chodorow, Martin and Tetreault, Joel},
  journal={Computer Assisted Language Learning},
  volume={21},
  number={4},
  pages={353--367},
  year={2008},
  publisher={Taylor \& Francis}
}